<record><leader>00000cas a2200000 a 4500</leader><controlfield tag="001">27847314</controlfield><controlfield tag="008">930402d19231931caudn ne      0    0eng c</controlfield><datafield ind1=" " ind2=" " tag="010"><subfield code="a">sn 93053101 </subfield></datafield><datafield ind1=" " ind2=" " tag="040"><subfield code="a">CNK</subfield><subfield code="b">eng</subfield><subfield code="c">CNK</subfield><subfield code="d">OCLCQ</subfield><subfield code="d">CNK</subfield><subfield code="d">OCLCQ</subfield><subfield code="d">OCLCF</subfield><subfield code="d">OCLCO</subfield></datafield><datafield ind1="1" ind2=" " tag="029"><subfield code="a">AU@</subfield><subfield code="b">000020735464</subfield></datafield><datafield ind1=" " ind2=" " tag="042"><subfield code="a">pcc</subfield></datafield><datafield ind1=" " ind2=" " tag="043"><subfield code="a">n-us-ca</subfield></datafield><datafield ind1="0" ind2=" " tag="130"><subfield code="a">Redwood City tribune (Redwood City, Calif. : 1923)</subfield></datafield><datafield ind1="1" ind2="0" tag="245"><subfield code="a">Redwood City tribune.</subfield></datafield><datafield ind1=" " ind2=" " tag="260"><subfield code="a">Redwood City, Calif. :</subfield><subfield code="b">George Morell</subfield></datafield><datafield ind1=" " ind2=" " tag="300"><subfield code="a">v.</subfield></datafield><datafield ind1=" " ind2=" " tag="310"><subfield code="a">Daily (except Sun.)</subfield></datafield><datafield ind1="0" ind2=" " tag="362"><subfield code="a">1st year, no. 1 (May 1, 1923)-9th year, no. 156 (Oct. 28, 1931).</subfield></datafield><datafield ind1=" " ind2=" " tag="525"><subfield code="a">Issues include supplement: Daily Palo Alto times.</subfield></datafield><datafield ind1=" " ind2=" " tag="530"><subfield code="a">Master negatives are available for duplication from:</subfield><subfield code="b">California Newspaper Microfilm Archive;</subfield><subfield code="c">positive copies may be purchased by the reel; for further information consult the CNMA at:</subfield><subfield code="u">http://cbsr.ucr.edu</subfield></datafield><datafield ind1=" " ind2="0" tag="651"><subfield code="a">Redwood City (Calif.)</subfield><subfield code="v">Newspapers.</subfield></datafield><datafield ind1=" " ind2="7" tag="655"><subfield code="a">Newspapers.</subfield><subfield code="2">fast</subfield><subfield code="0">(OCoLC)fst01423814</subfield></datafield><datafield ind1=" " ind2="7" tag="651"><subfield code="a">California</subfield><subfield code="z">Redwood City.</subfield><subfield code="2">fast</subfield><subfield code="0">(OCoLC)fst01215157</subfield></datafield><datafield ind1=" " ind2=" " tag="752"><subfield code="a">United States</subfield><subfield code="b">California</subfield><subfield code="c">San Mateo</subfield><subfield code="d">Redwood City.</subfield></datafield><datafield ind1="0" ind2=" " tag="770"><subfield code="t">Daily Palo Alto times</subfield><subfield code="w">(DLC)sn 85040224</subfield></datafield><datafield ind1="0" ind2="7" tag="785"><subfield code="t">Redwood City standard</subfield><subfield code="w">(DLC)sn 93051972</subfield></datafield><datafield ind1="0" ind2="7" tag="785"><subfield code="t">Redwood City tribune and Redwood City standard</subfield><subfield code="w">(DLC)sn 93053102</subfield></datafield></record>